%%%%%%%%%%%%%%%%%%%%%%%%%%%%%%%%%%VARIABLES%%%%%%%%%%%%%%%%%%%%%%%%%%%%%
%
%
%%%%%%%%%%%%%%%%%%%%%%%%%%%%%%%%%%BIBLIOGRAPHY%%%%%%%%%%%%%%%%%%%%%%%%%%

@inproceedings{lu2017analysis,
  title={Analysis of film data based on Neo4j},
  author={Lu, Huiling and Hong, Zhiguo and Shi, Minyong},
  booktitle={2017 IEEE/ACIS 16th International Conference on Computer and Information Science (ICIS)},
  pages={675--677},
  year={2017},
  organization={IEEE}
}
@inproceedings{guia2017graph,
  title={Graph Databases: Neo4j Analysis.},
  author={Guia, Jos{\'e} and Soares, Val{\'e}ria Gon{\c{c}}alves and Bernardino, Jorge},
  booktitle={ICEIS (1)},
  pages={351--356},
  year={2017}
}
@inproceedings{fernandes2018graph,
  title={Graph Databases Comparison: AllegroGraph, ArangoDB, InfiniteGraph, Neo4J, and OrientDB.},
  author={Fernandes, Diogo and Bernardino, Jorge},
  booktitle={Data},
  pages={373--380},
  year={2018}
}
@article{stothers2020can,
  title={Can Neo4j Replace PostgreSQL in Healthcare?},
  author={Stothers, Jessica AM and Nguyen, Andrew},
  journal={AMIA Summits on Translational Science Proceedings},
  volume={2020},
  pages={646},
  year={2020},
  publisher={American Medical Informatics Association}
}
@article{agudo2020base,
  title={Base de datos distribuida de grafos con Neo4j para el Record Linkage de Redes Sociales},
  author={Agudo Merino, Adri{\`a}},
  year={2020}
}
@inproceedings{miller2013graph,
  title={Graph database applications and concepts with Neo4j},
  author={Miller, Justin J},
  booktitle={Proceedings of the southern association for information systems conference, Atlanta, GA, USA},
  volume={2324},
  number={36},
  year={2013}
}
@inproceedings{holzschuher2013performance,
  title={Performance of graph query languages: comparison of cypher, gremlin and native access in neo4j},
  author={Holzschuher, Florian and Peinl, Ren{\'e}},
  booktitle={Proceedings of the Joint EDBT/ICDT 2013 Workshops},
  pages={195--204},
  year={2013}
}
@book{vukotic2015neo4j,
  title={Neo4j in action},
  author={Vukotic, Aleksa and Watt, Nicki and Abedrabbo, Tareq and Fox, Dominic and Partner, Jonas},
  volume={22},
  year={2015},
  publisher={Manning Shelter Island}
}
@inproceedings{afandi2020university,
  title={University Research Graph Database For Efficient Multi-Perspective Data Analysis Using Neo4j},
  author={Afandi, Mohamad Irwan and Wahyuni, Eka Dyar},
  booktitle={2020 6th Information Technology International Seminar (ITIS)},
  pages={286--290},
  year={2020},
  organization={IEEE}
}
@article{aryani2017visualising,
  title={Visualising Research Graph using Neo4j and Gephi},
  author={Aryani, Amir and Wang, Jingbo and Zhang, Hao and Xiang, Andy and Zhou, Zhaolian and Wang, Kun},
  year={2017},
  publisher={Monash University}
}
@article{gehani1990introduction,
  title={Introduction to database systems},
  author={Gehani, Narain},
  year={1990}
}